% Encoding: UTF-8

@Article{rhOver,
  author    = {Michael BÃ¶hme and Winfried Plass},
  title     = {rhOver: Determination of Magnetic Anisotropy and Related Properties for Dysprosium(III) Single-Ion Magnets by Semi-Empirical Approaches utilizing Hartree-Fock Wave Functions},
  journal   = {J. Comput. Chem.},
  year      = {2018},
  volume    = {39},
  pages     = {2697--2712},
}

@Article{Jorge2009,
  Title                    = {Contracted {Gauss}ian basis sets for Douglas{\textendash}Kroll{\textendash}Hess calculations: Estimating scalar relativistic effects of some atomic and molecular properties},
  Author                   = {F. E. Jorge and A. Canal Neto and G. G. Camiletti and S. F. Machado},
  Journal                  = {J. Chem. Phys.},
  Year                     = {2009},
  Pages                    = {064108},
  Volume                   = {130},
  Publisher                = {{AIP} Publishing},
}

@Article{Pantazis2009,
  Title                    = {All-Electron Scalar Relativistic Basis Sets for the Lanthanides},
  Author                   = {Dimitrios A. Pantazis and Frank Neese},
  Journal                  = {J. Chem. Theory Comput.},
  Year                     = {2009},
  Month                    = {sep},
  Pages                    = {2229--2238},
  Volume                   = {5},
  Publisher                = {American Chemical Society ({ACS})},
}

@Misc{TURBOMOLE,
  Title                    = {{TURBOMOLE V7.2 2017}, a development of {University of Karlsruhe} and {Forschungszentrum Karlsruhe GmbH}, 1989-2007, {TURBOMOLE GmbH}, since 2007; available from http://www.turbomole.com.}
}

@Comment{jabref-meta: databaseType:bibtex;}
